<record><leader>00000cas a2200000 a 4500</leader><controlfield tag="001">11723897</controlfield><controlfield tag="008">850222d18831995wiudn ne      0   a0eng c</controlfield><datafield ind1=" " ind2=" " tag="010"><subfield code="a">sn 85033183 </subfield></datafield><datafield ind1=" " ind2=" " tag="040"><subfield code="a">NPU</subfield><subfield code="b">eng</subfield><subfield code="c">NPU</subfield><subfield code="d">DLC</subfield><subfield code="d">NPV</subfield><subfield code="d">MFN</subfield><subfield code="d">NSD</subfield><subfield code="d">MN#</subfield><subfield code="d">MGN</subfield><subfield code="d">NVF</subfield><subfield code="d">CRL</subfield><subfield code="d">DLC</subfield><subfield code="d">OCLCQ</subfield><subfield code="d">CUI</subfield><subfield code="d">OCLCF</subfield><subfield code="d">IUL</subfield><subfield code="d">OCL</subfield></datafield><datafield ind1="1" ind2=" " tag="022"><subfield code="a">1052-4479</subfield><subfield code="l">1052-4479</subfield><subfield code="2">1</subfield></datafield><datafield ind1=" " ind2=" " tag="032"><subfield code="a">350500</subfield><subfield code="b">USPS</subfield></datafield><datafield ind1=" " ind2=" " tag="042"><subfield code="a">nsdp</subfield><subfield code="a">pcc</subfield></datafield><datafield ind1=" " ind2=" " tag="043"><subfield code="a">n-us-wi</subfield></datafield><datafield ind1="0" ind2="0" tag="050"><subfield code="a">Newspaper</subfield></datafield><datafield ind1=" " ind2="4" tag="050"><subfield code="a">AN</subfield></datafield><datafield ind1="0" ind2=" " tag="130"><subfield code="a">Milwaukee sentinel (Milwaukee, Wis. : 1883)</subfield></datafield><datafield ind1=" " ind2="4" tag="222"><subfield code="a">The Milwaukee sentinel</subfield><subfield code="b">(1883)</subfield></datafield><datafield ind1="1" ind2="4" tag="245"><subfield code="a">The Milwaukee sentinel.</subfield></datafield><datafield ind1="1" ind2=" " tag="246"><subfield code="i">Issues for Jan. 1, 1883-&lt;Nov. 11, 1883&gt; published as:</subfield><subfield code="a">Milwaukee Sunday sentinel</subfield></datafield><datafield ind1="1" ind2=" " tag="246"><subfield code="i">Issues for &lt;Nov. 25, 1883&gt;-May 31, 1924 published as:</subfield><subfield code="a">Sunday sentinel</subfield></datafield><datafield ind1="1" ind2=" " tag="246"><subfield code="i">Issues for June 1, 1924-Sept. 1, 1929 published as:</subfield><subfield code="a">Sunday sentinel and Milwaukee telegram</subfield></datafield><datafield ind1="1" ind2=" " tag="246"><subfield code="i">Issues for Sept. 19, 1937-1938 published as:</subfield><subfield code="a">Milwaukee Sunday news-sentinel</subfield></datafield><datafield ind1="1" ind2=" " tag="246"><subfield code="i">Issues for Jan. 16, 1939-June 20, 1939 have added title:</subfield><subfield code="a">Milwaukee sentinel, Milwaukee news</subfield></datafield><datafield ind1="3" ind2="0" tag="246"><subfield code="a">Sentinel</subfield></datafield><datafield ind1=" " ind2=" " tag="260"><subfield code="a">Milwaukee, Wis. :</subfield><subfield code="b">Sentinel Co.,</subfield><subfield code="c">1883-1995.</subfield></datafield><datafield ind1=" " ind2=" " tag="300"><subfield code="a">v.</subfield></datafield><datafield ind1=" " ind2=" " tag="310"><subfield code="a">Daily (except Sunday),</subfield><subfield code="b">July 23, 1962-Mar. 31, 1995</subfield></datafield><datafield ind1=" " ind2=" " tag="321"><subfield code="a">Daily,</subfield><subfield code="b">&lt;Jan. 1, 1890&gt;-July 22, 1962</subfield></datafield><datafield ind1="0" ind2=" " tag="362"><subfield code="a">Whole no. 12,571 (Jan. 1, 1883)-v. 33, no. 214 (Mar. 31, 1995).</subfield></datafield><datafield ind1=" " ind2=" " tag="500"><subfield code="a">Publisher varies.</subfield></datafield><datafield ind1=" " ind2=" " tag="515"><subfield code="a">Vols. for &lt;Jan. 1, 1890-June 26, 1937&gt; called also whole no. &lt;15651-35790&gt;.</subfield></datafield><datafield ind1=" " ind2=" " tag="515"><subfield code="a">With the issue of July 23, 1962 numbering reverts to Vol. 1, no. 1.</subfield></datafield><datafield ind1=" " ind2=" " tag="530"><subfield code="a">Available on microfilm from Bell &amp; Howell Information and Learning, and the Library of Congress, Photoduplication Service.</subfield></datafield><datafield ind1=" " ind2=" " tag="580"><subfield code="a">Other daily ed.: Evening sentinel (Milwaukee, Wis.), 1917-1924.</subfield></datafield><datafield ind1=" " ind2=" " tag="580"><subfield code="a">Weekly ed.: Weekly sentinel and Wisconsin farm journal, &lt;1884&gt;.</subfield></datafield><datafield ind1=" " ind2=" " tag="580"><subfield code="a">Merged with: Milwaukee journal (Milwaukee, Wis. : 1890), to become: Milwaukee journal sentinel.</subfield></datafield><datafield ind1=" " ind2="0" tag="651"><subfield code="a">Milwaukee (Wis.)</subfield><subfield code="v">Newspapers.</subfield></datafield><datafield ind1=" " ind2="0" tag="651"><subfield code="a">Milwaukee County (Wis.)</subfield><subfield code="v">Newspapers.</subfield></datafield><datafield ind1=" " ind2="0" tag="651"><subfield code="a">Washington County (Wis.)</subfield><subfield code="v">Newspapers.</subfield></datafield><datafield ind1=" " ind2="7" tag="651"><subfield code="a">Wisconsin</subfield><subfield code="z">Washington County.</subfield><subfield code="2">fast</subfield><subfield code="0">(OCoLC)fst01209942</subfield></datafield><datafield ind1=" " ind2="7" tag="651"><subfield code="a">Wisconsin</subfield><subfield code="z">Milwaukee.</subfield><subfield code="2">fast</subfield><subfield code="0">(OCoLC)fst01206626</subfield></datafield><datafield ind1=" " ind2="7" tag="651"><subfield code="a">Wisconsin</subfield><subfield code="z">Milwaukee County.</subfield><subfield code="2">fast</subfield><subfield code="0">(OCoLC)fst01202910</subfield></datafield><datafield ind1=" " ind2="7" tag="655"><subfield code="a">Newspapers.</subfield><subfield code="2">fast</subfield><subfield code="0">(OCoLC)fst01423814</subfield></datafield><datafield ind1=" " ind2=" " tag="752"><subfield code="a">United States</subfield><subfield code="b">Wisconsin</subfield><subfield code="c">Milwaukee</subfield><subfield code="d">Milwaukee.</subfield></datafield><datafield ind1=" " ind2=" " tag="752"><subfield code="a">United States</subfield><subfield code="b">Wisconsin</subfield><subfield code="c">Washington</subfield><subfield code="d">Milwaukee.</subfield></datafield><datafield ind1="1" ind2=" " tag="775"><subfield code="t">Evening sentinel (Milwaukee, Wis.)</subfield><subfield code="w">(DLC)sn 86086599</subfield><subfield code="w">(OCoLC)14928559</subfield></datafield><datafield ind1="1" ind2=" " tag="775"><subfield code="t">Weekly sentinel and Wisconsin farm journal</subfield><subfield code="w">(DLC)sn 86086609</subfield><subfield code="w">(OCoLC)14641538</subfield></datafield><datafield ind1="0" ind2="8" tag="776"><subfield code="i">Online version:</subfield><subfield code="t">Milwaukee sentinel (Milwaukee, Wis. : 1883 : Online)</subfield><subfield code="w">(OCoLC)45442884</subfield></datafield><datafield ind1="0" ind2="0" tag="780"><subfield code="t">Daily Republican-sentinel</subfield><subfield code="w">(DLC)sn 86086598</subfield><subfield code="w">(OCoLC)14644843</subfield></datafield><datafield ind1="0" ind2="5" tag="780"><subfield code="t">Sunday Milwaukee telegraph</subfield></datafield><datafield ind1="0" ind2="5" tag="780"><subfield code="t">Milwaukee news (Milwaukee, Wis. : 1937)</subfield><subfield code="g">1939</subfield><subfield code="w">(DLC)sn 87082443</subfield><subfield code="w">(OCoLC)15539338</subfield></datafield><datafield ind1="1" ind2="7" tag="785"><subfield code="t">Milwaukee journal (Milwaukee, Wis. : 1890)</subfield><subfield code="w">(DLC)sn 83045292</subfield><subfield code="w">(OCoLC)01757504</subfield></datafield><datafield ind1="1" ind2="7" tag="785"><subfield code="t">Milwaukee journal sentinel</subfield><subfield code="w">(DLC)sn 95001917</subfield><subfield code="w">(OCoLC)32608091</subfield></datafield><datafield ind1="1" ind2=" " tag="029"><subfield code="a">AU@</subfield><subfield code="b">000020104093</subfield></datafield><datafield ind1="1" ind2=" " tag="029"><subfield code="a">CHVBK</subfield><subfield code="b">117977179</subfield></datafield><datafield ind1="1" ind2=" " tag="029"><subfield code="a">CHDSB</subfield><subfield code="b">005668536</subfield></datafield></record>